
@inproceedings{van2006conversion,
  title={Conversion of WordNet to a standard RDF/OWL representation},
  author={Van Assem, Mark and Gangemi, Aldo and Schreiber, Guus},
  booktitle={Proceedings of the Fifth International Conference on Language Resources and Evaluation (LREC’06), Genoa, Italy},
  year={2006}
}


@incollection{mccrae2012integrating,
  title={Integrating WordNet and Wiktionary with lemon},
  author={McCrae, John and Montiel-Ponsoda, Elena and Cimiano, Philipp},
  booktitle={Linked Data in Linguistics},
  pages={25--34},
  year={2012},
  publisher={Springer}
}


@inproceedings{navigli2010babelnet,
  title={BabelNet: Building a very large multilingual semantic network},
  author={Navigli, Roberto and Ponzetto, Simone Paolo},
  booktitle={Proceedings of the 48th annual meeting of the association for computational linguistics},
  pages={216--225},
  year={2010},
  organization={Association for Computational Linguistics}
}


@inproceedings{gurevych2012uby,
  title={Uby: A large-scale unified lexical-semantic resource based on LMF},
  author={Gurevych, Iryna and Eckle-Kohler, Judith and Hartmann, Silvana and Matuschek, Michael and Meyer, Christian M and Wirth, Christian},
  booktitle={Proceedings of the 13th Conference of the European Chapter of the Association for Computational Linguistics},
  pages={580--590},
  year={2012},
  organization={Association for Computational Linguistics}
}


@article{eckle2014lemonuby,
  title={lemonUby-a large, interlinked, syntactically-rich resource for ontologies},
  author={Eckle-Kohler, Judith and McCrae, John and Chiarcos, Christian},
  journal={Semantic Web Journal, submitted. special issue on Multilingual Linked
    Open Data},
  year={2014}
}


@article{pease2008building,
  title={Building the global WordNet grid},
  author={Pease, Adam and Fellbaum, Christiane and Vossen, Piek},
  journal={CIL18},
  year={2008}
}
